@inproceedings{chi2023federated,
  title={Federated Semi-Supervised Learning for Object Detection in Autonomous Driving},
  author={Chi, Fangyuan and others},
  booktitle={ICASSP 2023-2023 IEEE International Conference on Acoustics, Speech and Signal Processing (ICASSP)},
  pages={},
  year={2023},
  organization={IEEE}
}

@article{diao2022semifl,
  title={SemiFL: Semi-Supervised Federated Learning for Unlabeled Clients with Alternate Training},
  author={Diao, Enmao and Ding, Jie and Tarokh, Vahid},
  journal={Advances in Neural Information Processing Systems},
  year={2022},
  url={https://par.nsf.gov/biblio/10418635}
}

@article{kim2024navigating,
  title={Navigating Data Heterogeneity in Federated Learning: A Semi-Supervised Approach for Object Detection},
  author={Kim, Taehyeon and others},
  journal={Advances in Neural Information Processing Systems},
  volume={36},
  year={2024}
}

@article{liu2021unbiased,
  title={Unbiased teacher for semi-supervised object detection},
  author={Liu, Yen-Cheng and others},
  journal={arXiv preprint arXiv:2102.09480},
  year={2021}
}

@article{kim2022revisiting,
  title={Revisiting Orthogonality Regularization: A Study for Convolutional Neural Networks in Image Classification},
  author={Kim, Taehyeon and Yun, Sang-Yun},
  journal={IEEE Access},
  volume={10},
  pages={69741--69749},
  year={2022},
  publisher={IEEE},
  doi={10.1109/ACCESS.2022.3185621}
}

@inproceedings{tang2021proposal,
  title={Proposal learning for semi-supervised object detection},
  author={Tang, Peng and others},
  booktitle={Proceedings of the IEEE/CVF Winter Conference on Applications of Computer Vision},
  pages={},
  year={2021}
}

@inproceedings{ren2015faster,
  title={Faster R-CNN: Towards Real-Time Object Detection with Region Proposal Networks},
  author={Ren, Shaoqing and others},
  booktitle={Advances in Neural Information Processing Systems},
  volume={28},
  pages={91--99},
  year={2015}
}

@inproceedings{redmon2016you,
  title={You Only Look Once: Unified, Real-Time Object Detection},
  author={Redmon, Joseph and others},
  booktitle={Proceedings of the IEEE Conference on Computer Vision and Pattern Recognition (CVPR)},
  pages={779--788},
  year={2016}
}

@inproceedings{wang2023debiased,
  title={De-biased teacher: Rethinking iou matching for semi-supervised object detection},
  author={Wang, Kuo and others},
  booktitle={Proceedings of the AAAI Conference on Artificial Intelligence},
  volume={37},
  number={2},
  year={2023}
}

@article{zhao2022semi,
  title={Semi-supervised federated learning based intrusion detection method for internet of things},
  author={Zhao, Ruijie and others},
  journal={IEEE Internet of Things Journal},
  year={2022}
}

